<?xml version="1.0" encoding="utf-8"?>
<record xmlns="http://www.loc.gov/MARC21/slim" xmlns:xsi="http://www.w3.org/2001/XMLSchema-instance" xsi:schemaLocation="http://www.loc.gov/MARC21/slim http://www.loc.gov/standards/marcxml/schema/MARC21slim.xsd">
	<leader>     nam a22        4500</leader>
	<controlfield tag="001">5368048</controlfield>
	<controlfield tag="003">NNC</controlfield>
	<controlfield tag="006">m        d        </controlfield>
	<controlfield tag="007">cr cn |||m|||a</controlfield>
	<controlfield tag="008">171211m19119999ua      ob   u000 0 ara d</controlfield>
	<datafield ind1=" " ind2=" " tag="040">
		<subfield code="a">NNU</subfield>
		<subfield code="b">eng</subfield>
		<subfield code="e">rda</subfield>
		<subfield code="c">NNU</subfield>
	</datafield>
	<datafield ind1=" " ind2=" " tag="043">
		<subfield code="a">f-ua---</subfield>
	</datafield>
	<datafield ind1="0" ind2=" " tag="050">
		<subfield code="a">DT57</subfield>
		<subfield code="b">.F8 vol.30, etc.</subfield>
	</datafield>
	<datafield ind1="0" ind2=" " tag="082">
		<subfield code="a">913.32</subfield>
		<subfield code="2">20</subfield>
	</datafield>
	<datafield ind1="1" ind2=" " tag="100">
		<subfield code="a">Maqrīzī, Aḥmad ibn ʻAlī,</subfield>
		<subfield code="d">1364-1442.</subfield>
	</datafield>
	<datafield ind1="1" ind2="3" tag="245">
		<subfield code="a">El-mawâʻiz waʼl-iʻtibâr fî dhikr el-khitat waʼl-âthâr,</subfield>
		<subfield code="c">édité par m. Gaston Wiet ...</subfield>
	</datafield>
	<datafield ind1=" " ind2=" " tag="260">
		<subfield code="a">[Le Caire],</subfield>
		<subfield code="b">[Impr. de l'Institut français d'archéologie orientale],</subfield>
		<subfield code="c">[1911]-</subfield>
	</datafield>
	<datafield ind1=" " ind2=" " tag="300">
		<subfield code="a">online resource (volumes)</subfield>
	</datafield>
	<datafield ind1=" " ind2=" " tag="336">
		<subfield code="a">text</subfield>
		<subfield code="2">rdacontent</subfield>
	</datafield>
	<datafield ind1=" " ind2=" " tag="337">
		<subfield code="a">computer</subfield>
		<subfield code="2">rdamedia</subfield>
	</datafield>
	<datafield ind1=" " ind2=" " tag="338">
		<subfield code="a">online resource</subfield>
		<subfield code="2">rdacarrier</subfield>
	</datafield>
	<datafield ind1="1" ind2=" " tag="490">
		<subfield code="a">Mémoires publiés par les membres de l'Institut français d'archéologie orientale du Caire,</subfield>
		<subfield code="v">t. 30, 33, 46, 49, 53</subfield>
	</datafield>
	<datafield ind1=" " ind2=" " tag="500">
		<subfield code="a">At head of title: Taqî el-Dîn Aḥmad ibn ʻAli ibn ʻAbd-el- Qâdir ibn Muḥammad el Maqrîzî.</subfield>
	</datafield>
	<datafield ind1=" " ind2=" " tag="500">
		<subfield code="a">Part of the Arabic Collections Online (ACO) project, contributed by Columbia University Libraries.</subfield>
	</datafield>
	<datafield ind1=" " ind2=" " tag="504">
		<subfield code="a">Includes bibliographical references (v. 1, pages ix-xvi).</subfield>
	</datafield>
	<datafield ind1="0" ind2=" " tag="505">
		<subfield code="a">V. 1. fasc. 1. 1. ptie. ch. 1-12 -- v. 1. fasc. 2. 1. ptie. ch. 13-30 -- v. 2. 1. ptie. ch. 31-46 -- v. 3. 2. ptie. ch. 1-49 -- v. 4. fasc. 1. 2. ptie. ch. 50-86 -- [v. 5]. 3. ptie. ch. 1-12.</subfield>
	</datafield>
	<datafield ind1=" " ind2=" " tag="533">
		<subfield code="a">Electronic reproduction.</subfield>
		<subfield code="b">New York, N.Y. :</subfield>
		<subfield code="c">New York University,</subfield>
		<subfield code="d">2017.</subfield>
		<subfield code="5">NNU</subfield>
	</datafield>
	<datafield ind1=" " ind2="0" tag="651">
		<subfield code="a">Egypt</subfield>
		<subfield code="x">History.</subfield>
	</datafield>
	<datafield ind1=" " ind2="0" tag="651">
		<subfield code="a">Egypt</subfield>
		<subfield code="x">Description and travel.</subfield>
	</datafield>
	<datafield ind1=" " ind2="7" tag="650">
		<subfield code="a">Travel.</subfield>
		<subfield code="2">fast</subfield>
		<subfield code="0">(OCoLC)fst01155558</subfield>
	</datafield>
	<datafield ind1=" " ind2="7" tag="651">
		<subfield code="a">Egypt.</subfield>
		<subfield code="2">fast</subfield>
		<subfield code="0">(OCoLC)fst01208755</subfield>
	</datafield>
	<datafield ind1=" " ind2="7" tag="650">
		<subfield code="a">Empire islamique</subfield>
		<subfield code="x">Civilisation</subfield>
		<subfield code="x">Ouvrages avant 1800.</subfield>
		<subfield code="2">ram</subfield>
	</datafield>
	<datafield ind1=" " ind2="7" tag="650">
		<subfield code="a">Géographie historique</subfield>
		<subfield code="z">Égypte.</subfield>
		<subfield code="2">ram</subfield>
	</datafield>
	<datafield ind1=" " ind2="7" tag="651">
		<subfield code="a">Égypte</subfield>
		<subfield code="y">15e siècle</subfield>
		<subfield code="x">Histoire</subfield>
		<subfield code="x">Ouvrages avant 1800.</subfield>
		<subfield code="2">ram</subfield>
	</datafield>
	<datafield ind1=" " ind2="7" tag="651">
		<subfield code="a">Égypte</subfield>
		<subfield code="y">15e siècle</subfield>
		<subfield code="x">Histoire</subfield>
		<subfield code="x">Descriptions et voyages.</subfield>
		<subfield code="2">ram</subfield>
	</datafield>
	<datafield ind1=" " ind2="7" tag="655">
		<subfield code="a">History.</subfield>
		<subfield code="2">fast</subfield>
		<subfield code="0">(OCoLC)fst01411628</subfield>
	</datafield>
	<datafield ind1="1" ind2=" " tag="700">
		<subfield code="a">Wiet, Gaston,</subfield>
		<subfield code="d">1887-1971,</subfield>
		<subfield code="e">editor.</subfield>
	</datafield>
	<datafield ind1="2" ind2=" " tag="710">
		<subfield code="a">Columbia University.</subfield>
		<subfield code="b">Libraries.</subfield>
	</datafield>
	<datafield ind1="0" ind2=" " tag="730">
		<subfield code="a">Arabic Collections Online.</subfield>
	</datafield>
	<datafield ind1="0" ind2="8" tag="776">
		<subfield code="i">Online version:</subfield>
		<subfield code="a">Maqrīzī, Aḥmad ibn ʻAlī, 1364-1442.</subfield>
		<subfield code="t">Mawâʻiz waʼl-iʻtibâr fî dhikr el-khitat waʼl-âthâr.</subfield>
		<subfield code="d">[Le Caire, Impr. de l'Institut français d'archéologie orientale, 1911]-</subfield>
		<subfield code="w">(OCoLC)798536086</subfield>
	</datafield>
	<datafield ind1="0" ind2="8" tag="776">
		<subfield code="i">Print version:</subfield>
		<subfield code="a">Maqrīzī, Aḥmad ibn ʻAlī, 1364-1442.</subfield>
		<subfield code="t">El-mawâʻiz waʼl-iʻtibâr fî dhikr el-khitat waʼl-âthâr</subfield>
		<subfield code="w">(NNC)5368048</subfield>
		<subfield code="w">(DLC)ac 38000382 </subfield>
		<subfield code="w">(OCoLC)27914472</subfield>
	</datafield>
	<datafield ind1="2" ind2=" " tag="810">
		<subfield code="a">Institut français d'archéologie orientale du Caire.</subfield>
		<subfield code="t">Mémoires ;</subfield>
		<subfield code="v">t. 30, 33, 46, 49, 53.</subfield>
	</datafield>
	<datafield ind1="4" ind2="0" tag="856">
		<subfield code="u">http://hdl.handle.net/2333.1/hx3ffhr4</subfield>
	</datafield>
	<datafield ind1=" " ind2=" " tag="959">
		<subfield code="a">NNU</subfield>
		<subfield code="b">WEB</subfield>
		<subfield code="c">GENI</subfield>
		<subfield code="t">0</subfield>
		<subfield code="m">Electronic access</subfield>
		<subfield code="s">01</subfield>
	</datafield>
	<datafield ind1=" " ind2=" " tag="999">
		<subfield code="i">NNC_5368048</subfield>
		<subfield code="o">(OCoLC)ocm27914472</subfield>
		<subfield code="s">columbia_aco002648:v.1</subfield>
		<subfield code="s">columbia_aco002649:v.2</subfield>
		<subfield code="s">columbia_aco002650:v.3</subfield>
		<subfield code="s">columbia_aco002651:v.4</subfield>
		<subfield code="e">(ERROR-880)</subfield>
		<subfield code="s">columbia_aco002648:v.1</subfield>
		<subfield code="s">columbia_aco002649:v.2</subfield>
		<subfield code="s">columbia_aco002650:v.3</subfield>
		<subfield code="s">columbia_aco002651:v.4</subfield>
	</datafield>
</record>
